<?xml version="1.0" encoding="UTF-8"?><collection xmlns="http://www.loc.gov/MARC21/slim"><record><leader>00416nam--2200145-i-4500</leader><controlfield tag="001">000011005</controlfield><controlfield tag="002">20161230</controlfield><controlfield tag="005">20170115163229</controlfield><controlfield tag="008">060222s1000------------r-----000-0-eng-d</controlfield><datafield ind1=" " ind2=" " tag="080"><subfield code="a">681.3</subfield></datafield><datafield ind1=" " ind2=" " tag="245"><subfield code="a">Calculatoare electronice. Culegere de date</subfield></datafield><datafield ind1=" " ind2=" " tag="260"><subfield code="a">Bucuresti</subfield><subfield code="b">Institutul National De Informare Si Documentare Stiintifica Si Tehnica</subfield><subfield code="c">1973</subfield></datafield><datafield ind1=" " ind2=" " tag="300"><subfield code="a">82 p</subfield></datafield><datafield ind1=" " ind2=" " tag="852"><subfield code="a">D.1344</subfield></datafield><datafield ind1=" " ind2=" " tag="CAT"><subfield code="a">SYS</subfield><subfield code="c">20170115</subfield><subfield code="h">163229</subfield></datafield></record></collection>